<record><leader>00000cas a22000007a 4500</leader><controlfield tag="001">11466503</controlfield><controlfield tag="008">841207d18351836wiuwr ne      0    0eng d</controlfield><datafield ind1=" " ind2=" " tag="010"><subfield code="a">sn 84025626 </subfield></datafield><datafield ind1=" " ind2=" " tag="040"><subfield code="a">NPV</subfield><subfield code="b">eng</subfield><subfield code="c">NPV</subfield><subfield code="d">OCLCQ</subfield><subfield code="d">CUS</subfield></datafield><datafield ind1=" " ind2=" " tag="042"><subfield code="a">msc</subfield></datafield><datafield ind1=" " ind2=" " tag="043"><subfield code="a">n-us-wi</subfield></datafield><datafield ind1=" " ind2=" " tag="045"><subfield code="a">w3w3</subfield></datafield><datafield ind1=" " ind2="4" tag="050"><subfield code="a">AN</subfield></datafield><datafield ind1=" " ind2=" " tag="052"><subfield code="a">4123</subfield><subfield code="b">B7</subfield></datafield><datafield ind1="0" ind2="0" tag="245"><subfield code="a">Wisconsin free press.</subfield></datafield><datafield ind1=" " ind2=" " tag="260"><subfield code="a">Green Bay [Wis.] :</subfield><subfield code="b">W. Stevenson</subfield></datafield><datafield ind1=" " ind2=" " tag="300"><subfield code="a">volumes</subfield></datafield><datafield ind1=" " ind2=" " tag="310"><subfield code="a">Weekly</subfield></datafield><datafield ind1=" " ind2=" " tag="336"><subfield code="a">text</subfield><subfield code="b">txt</subfield><subfield code="2">rdacontent</subfield></datafield><datafield ind1=" " ind2=" " tag="337"><subfield code="a">unmediated</subfield><subfield code="b">n</subfield><subfield code="2">rdamedia</subfield></datafield><datafield ind1=" " ind2=" " tag="338"><subfield code="a">volume</subfield><subfield code="b">nc</subfield><subfield code="2">rdacarrier</subfield></datafield><datafield ind1="1" ind2=" " tag="362"><subfield code="a">Began with Sept. 1, 1835 issue; ceased in spring 1836.</subfield><subfield code="z">Cf. Hansen, J.L. Wis. newspapers.</subfield></datafield><datafield ind1=" " ind2=" " tag="521"><subfield code="a">"Democratic in politics." Cf. Hansen, J.L.</subfield></datafield><datafield ind1=" " ind2=" " tag="530"><subfield code="a">Available on microfilm from the State Historical Society of Wisconsin.</subfield></datafield><datafield ind1=" " ind2=" " tag="580"><subfield code="a">Merged with: Green-Bay intelligencer, and Wisconsin Democrat, to form: Wisconsin Democrat. Cf. Hansen, J.L.</subfield></datafield><datafield ind1=" " ind2=" " tag="588"><subfield code="a">Description based on: Vol. 1, no. 10 (Oct. 3, 1835).</subfield></datafield><datafield ind1=" " ind2=" " tag="752"><subfield code="a">United States</subfield><subfield code="b">Wisconsin</subfield><subfield code="c">Brown</subfield><subfield code="d">Green Bay.</subfield></datafield><datafield ind1="1" ind2="7" tag="785"><subfield code="t">Green-Bay intelligencer, and Wisconsin Democrat</subfield><subfield code="w">(DLC)sn 84025625</subfield><subfield code="w">(OCoLC)11466405</subfield></datafield><datafield ind1="1" ind2="7" tag="785"><subfield code="t">Wisconsin Democrat (Green Bay, Wis.)</subfield><subfield code="w">(DLC)sn 84025627</subfield><subfield code="w">(OCoLC)11466648</subfield></datafield><datafield ind1="1" ind2=" " tag="029"><subfield code="a">AU@</subfield><subfield code="b">000025836595</subfield></datafield></record>